<?xml version="1.0" encoding="UTF-8"?><collection xmlns="http://www.loc.gov/MARC21/slim"><record><leader>00332nam--2200121-i-4500</leader><controlfield tag="001">000005982</controlfield><controlfield tag="002">20161230</controlfield><controlfield tag="005">20161230201026</controlfield><controlfield tag="008">060222s1000------------r-----000-0-eng-d</controlfield><datafield ind1=" " ind2=" " tag="245"><subfield code="a">May s chemistry of synthetic drugs. fifth edition</subfield></datafield><datafield ind1=" " ind2=" " tag="260"><subfield code="a">London, Longmans, Green &amp; Co.Ltd., 1959</subfield></datafield><datafield ind1=" " ind2=" " tag="490"><subfield code="a">Vii+678p</subfield></datafield><datafield ind1=" " ind2=" " tag="700"><subfield code="a">Dyson, G.M., May, P</subfield></datafield></record></collection>